@article{Simu2022,
  title = {Thermal Degradation Process of Ethinylestradiol—Kinetic Study},
  volume = {10},
  ISSN = {2227-9717},
  url = {http://dx.doi.org/10.3390/pr10081518},
  DOI = {10.3390/pr10081518},
  number = {8},
  journal = {Processes},
  publisher = {MDPI AG},
  author = {Simu,  Sebastian and Ledeţi,  Adriana and Moacă,  Elena-Alina and Păcurariu,  Cornelia and Dehelean,  Cristina and Navolan,  Dan and Ledeţi,  Ionuţ},
  year = {2022},
  month = aug,
  pages = {1518}
}

@article{Simon2007,
  title = {Repeated applications of a transdermal patch: Analytical solution and optimal control of the delivery rate},
  volume = {209},
  ISSN = {0025-5564},
  url = {http://dx.doi.org/10.1016/j.mbs.2007.03.009},
  DOI = {10.1016/j.mbs.2007.03.009},
  number = {2},
  journal = {Mathematical Biosciences},
  publisher = {Elsevier BV},
  author = {Simon,  L.},
  year = {2007},
  month = oct,
  pages = {593–607}
}

@article{Kuhl2005,
  title = {Pharmacology of estrogens and progestogens: influence of different routes of administration},
  volume = {8},
  ISSN = {1473-0804},
  url = {http://dx.doi.org/10.1080/13697130500148875},
  DOI = {10.1080/13697130500148875},
  number = {sup1},
  journal = {Climacteric},
  publisher = {Informa UK Limited},
  author = {Kuhl,  H},
  year = {2005},
  month = aug,
  pages = {3–63}
}

@article{vandenHeuvel2005,
  title = {Comparison of ethinylestradiol pharmacokinetics in three hormonal contraceptive formulations: the vaginal ring,  the transdermal patch and an oral contraceptive},
  volume = {72},
  ISSN = {0010-7824},
  url ={http://dx.doi.org/10.1016/j.contraception.2005.03.005},
  DOI = {10.1016/j.contraception.2005.03.005},
  number = {3},
  journal = {Contraception},
  publisher = {Elsevier BV},
  author = {van den Heuvel,  Michiel Wilhelmus and van Bragt,  Antoinetta Jacoba Maria and Alnabawy,  Ali Kafi Mohammed and Kaptein,  Marc Carel John},
  year = {2005},
  month = sep,
  pages = {168–174}
}

@article{Simon2004,
  title = {Neural network-based prediction and optimization of estradiol release from ethylene–vinyl acetate membranes},
  volume = {28},
  ISSN = {0098-1354},
  url = {http://dx.doi.org/10.1016/j.compchemeng.2004.06.002},
  DOI = {10.1016/j.compchemeng.2004.06.002},
  number = {11},
  journal = {Computers \& Chemical Engineering},
  publisher = {Elsevier BV},
  author = {Simon,  Laurent and Fernandes,  Maria},
  year = {2004},
  month = oct,
  pages = {2407–2419}
}

@book{jackson2021pain,
  title={Pain and Prejudice: How the Medical System Ignores Women—And What We Can Do About It},
  author={Jackson, G.},
  isbn={9781771647175},
  year={2021},
  publisher={Greystone Books}
}

@article{Dhont2010,
  title = {History of oral contraception},
  volume = {15},
  ISSN = {1473-0782},
  url = {http://dx.doi.org/10.3109/13625187.2010.513071},
  DOI = {10.3109/13625187.2010.513071},
  number = {sup2},
  journal = {The European Journal of Contraception I\&; Reproductive Health Care},
  publisher = {Informa UK Limited},
  author = {Dhont,  Marc},
  year = {2010},
  month = nov,
  pages = {S12–S18}
}

@article{Couto2021,
  title = {A (in)visibilidade g\^enero no currículo e na prática de duas especialidades médicas},
  volume = {45},
  ISSN = {0100-5502},
  url = {http://dx.doi.org/10.1590/1981-5271v45.1-20200297},
  DOI = {10.1590/1981-5271v45.1-20200297},
  number = {1},
  journal = {Revista Brasileira de Educa\c{c}ão Médica},
  publisher = {FapUNIFESP (SciELO)},
  author = {Couto,  Marcia Thereza and Machin,  Rosana and Costa,  Maria Renata Mencacci and Rocha,  Ana Luisa Smith and Modesto,  Ant\^onio Augusto and Germani,  Ana Claudia Camargo},
  year = {2021}
}

@article{Fernandes2009,
  title = {O corpo e a constru\c{c}ão das desigualdades de g\^enero pela ci\^encia},
  volume = {19},
  ISSN = {0103-7331},
  url = {http://dx.doi.org/10.1590/S0103-73312009000400008},
  DOI = {10.1590/s0103-73312009000400008},
  number = {4},
  journal = {Physis: Revista de Saúde Coletiva},
  publisher = {FapUNIFESP (SciELO)},
  author = {Fernandes,  Maria das Gra\c{c}as Melo},
  year = {2009},
  pages = {1051–1065}
}

@article{Cabral2017,
  title = {Articula\c{c}ões entre contracep\c{c}ão,  sexualidade e rela\c{c}ões de g\^enero},
  volume = {26},
  ISSN = {0104-1290},
  url = {http://dx.doi.org/10.1590/s0104-12902017000001},
  DOI = {10.1590/s0104-12902017000001},
  number = {4},
  journal = {Saúde e Sociedade},
  publisher = {FapUNIFESP (SciELO)},
  author = {Cabral,  Cristiane da Silva},
  year = {2017},
  month = dec,
  pages = {1093–1104}
}

@article{Caruso2016,
  title = {Comparative,  open-label prospective study on the quality of life and sexual function of women affected by endometriosis-associated pelvic pain on 2mg dienogest/30µg ethinyl estradiol continuous or 21/7 regimen oral contraceptive},
  volume = {39},
  ISSN = {1720-8386},
  url = {http://dx.doi.org/10.1007/s40618-016-0460-6},
  DOI = {10.1007/s40618-016-0460-6},
  number = {8},
  journal = {Journal of Endocrinological Investigation},
  publisher = {Springer Science and Business Media LLC},
  author = {Caruso,  S. and Iraci,  M. and Cianci,  S. and Fava,  V. and Casella,  E. and Cianci,  A.},
  year = {2016},
  month = mar,
  pages = {923–931}
}

@article{Maiorana2023,
  title = {Quality of life and clinical factors in women with endometriosis,  the role of dienogest vs EE/dienogest over time: a single-center study},
  volume = {307},
  ISSN = {1432-0711},
  url = {http://dx.doi.org/10.1007/s00404-023-06942-9},
  DOI = {10.1007/s00404-023-06942-9},
  number = {5},
  journal = {Archives of Gynecology and Obstetrics},
  publisher = {Springer Science and Business Media LLC},
  author = {Maiorana,  Antonio and Alfano,  Pietro and Mercurio,  Antonella and Marcantonio,  Salvatore and Minneci,  Gabriella and Incandela,  Domenico and Audino,  Palma},
  year = {2023},
  month = feb,
  pages = {1503–1512}
}

@book{who2016,
  title        = {Selected Practice Recommendations for Contraceptive Use},
  author       = {{World Health Organization}},
  year         = {2016},
  edition      = {3rd},
  publisher    = {World Health Organization},
  address      = {Geneva, Switzerland}
}

@book{lubianca2016,
  title={Opções de Anticoncepção na Adolescência},
  author={Lubianca, Jaqueline Neves},
  year={2016},
  publisher={Organização Pan-Americana da Saúde/Organização Mundial da Saúde (OPAS/OMS) no Brasil},
  address={Brasília, DF, Brasil},
  editor={Felipe Dias Carvalho and Lenita Wannmacher},
  note={ISBN: 978-85-7967-108-1}
}

@misc{microgynon,
  author       = "{e-Surgery}",
  title        = "{Microgynon Tablets}",
  url          = "https://e-surgery.com/product/microgynon-tablets/",
  note         = "Accessed: 28-Oct-2024"
}

@misc{tamisa15,
  author       = "{Santa Lucia Drogarias}",
  title        = "{Tamisa 15 - 0.060 + 0.015mg, 28 Tablets}",
  url          = "https://www.santaluciadrogarias.com.br/tamisa-15-060-015mg-28-cprs/p",
  note         = "Accessed: 28-Oct-2024"
}

@article{Lin2010,
  title = {Drug Dosing Considerations for the Critically Ill Patient with Liver Disease},
  volume = {22},
  ISSN = {0899-5885},
  url = {http://dx.doi.org/10.1016/j.ccell.2010.04.006},
  DOI = {10.1016/j.ccell.2010.04.006},
  number = {3},
  journal = {Critical Care Nursing Clinics of North America},
  publisher = {Elsevier BV},
  author = {Lin,  Sonia and Smith,  Brian S.},
  year = {2010},
  month = sep,
  pages = {335–340}
}

@article{Scheindlin2004,
  title = {Transdermal Drug Delivery: PAST,  PRESENT,  FUTURE},
  volume = {4},
  ISSN = {1534-0384},
  url = {http://dx.doi.org/10.1124/mi.4.6.1},
  DOI = {10.1124/mi.4.6.1},
  number = {6},
  journal = {Molecular Interventions},
  publisher = {CLOCKSS Archive},
  author = {Scheindlin,  S.},
  year = {2004},
  month = dec,
  pages = {308–312}
}

@article{Saroha2016,
  title={Transdermal Patches as a tool for permeation of drug through skin},
  author={Rohini Rana and Kamal Saroha and Uditi Handa and Ajay Kumar and Sanju Nanda},
  journal={Journal of Chemical and Pharmaceutical Research},
  year={2016},
  volume={8},
  number={5},
  pages={471-481},
  issn={0975-7384}
}

@article{Devineni2007,
  title = {Pharmacokinetics and Pharmacodynamics of a Transdermal Contraceptive Patch and an Oral Contraceptive},
  volume = {47},
  ISSN = {1552-4604},
  url = {http://dx.doi.org/10.1177/0091270006297919},
  DOI = {10.1177/0091270006297919},
  number = {4},
  journal = {The Journal of Clinical Pharmacology},
  publisher = {Wiley},
  author = {Devineni,  Damayanthi and Skee,  Donna and Vaccaro,  Nicole and Massarella,  Joseph and Janssens,  Luc and LaGuardia,  Katherine D. and Leung,  Albert T.},
  year = {2007},
  month = apr,
  pages = {497–509}
}

@article{Barnhart2005,
  title = {In vivo assessment of NuvaRing{\textregistered} placement},
  volume = {72},
  ISSN = {0010-7824},
  url = {http://dx.doi.org/10.1016/j.contraception.2005.03.012},
  DOI = {10.1016/j.contraception.2005.03.012},
  number = {3},
  journal = {Contraception},
  publisher = {Elsevier BV},
  author = {Barnhart,  Kurt T. and Timbers,  Kelly and Pretorius,  E. Scott and Lin,  Kathleen and Shaunik,  Alka},
  year = {2005},
  month = sep,
  pages = {196–199}
}

@misc{nuvaring2024,
  author       = {{NuvaRing}},
  title        = {Risks and Side Effects},
  year         = {2024},
  url          = {https://www.nuvaring.com/risks-side-effects/},
  note         = {Accessed: 28-Oct-2024}
}

@article{Faundes2004,
  title = {Pros and Cons of Vaginal Rings for Contraceptive Hormone Delivery},
  volume = {2},
  ISSN = {1175-9038},
  url = {http://dx.doi.org/10.2165/00137696-200402040-00004},
  DOI = {10.2165/00137696-200402040-00004},
  number = {4},
  journal = {American Journal of Drug Delivery},
  publisher = {Springer Science and Business Media LLC},
  author = {Faundes,  Anibal and Brache,  Vivian and Alvarez,  Frank},
  year = {2004},
  pages = {241–250}
}

@article{Simon2005,
  title = {An analytical solution for percutaneous drug absorption: Application and removal of the vehicle},
  volume = {197},
  ISSN = {0025-5564},
  url = {http://dx.doi.org/10.1016/j.mbs.2005.07.002},
  DOI = {10.1016/j.mbs.2005.07.002},
  number = {2},
  journal = {Mathematical Biosciences},
  publisher = {Elsevier BV},
  author = {Simon,  L. and Loney,  N.W.},
  year = {2005},
  month = oct,
  pages = {119–139}
}

@book{cremasco2016,
  title={Fundamentos de transfer{\^e}ncia de massa},
  author={Cremasco, M.A.},
  isbn={9788521209058},
  year={2015},
  publisher={Blucher}
}

@book{cremasco2019,
  title={Difus{\~a}o m{\'a}ssica},
  author={Cremasco, M.A.},
  isbn={9788521213918},
  year={2019},
  publisher={Blucher}
}

@article{Kubota2002,
  title = {A repeated-dose model of percutaneous drug absorption},
  volume = {26},
  ISSN = {0307-904X},
  url = {http://dx.doi.org/10.1016/S0307-904X(01)00068-3},
  DOI = {10.1016/s0307-904x(01)00068-3},
  number = {4},
  journal = {Applied Mathematical Modelling},
  publisher = {Elsevier BV},
  author = {Kubota,  K. and Dey,  F. and Matar,  S.A. and Twizell,  E.H.},
  year = {2002},
  month = apr,
  pages = {529–544}
}

@book{crank1979,
  title={The Mathematics of Diffusion},
  author={Crank, J.},
  isbn={9780198534112},
  lccn={75318921},
  year={1975},
  publisher={Oxford}
}

@book{bruschi2015,
    title = {Strategies to Modify the Drug Release from Pharmaceutical Systems},
  ISBN = {9780081000922},
  url = {http://dx.doi.org/10.1016/C2014-0-02342-8},
editor = {Marcos Luciano Bruschi},
  DOI = {10.1016/c2014-0-02342-8},
  publisher = {Elsevier},
  year = {2015}
}

@article{Rohr2002,
  title = {17β‐Estradiol Matrixpatch Removal and Reapplication in Postmenopausal Women: Theoretical Predictions with an Oscillating Diffusion Coefficient Model},
  volume = {91},
  ISSN = {0022-3549},
  url = {http://dx.doi.org/10.1002/jps.10138},
  DOI = {10.1002/jps.10138},
  number = {3},
  journal = {Journal of Pharmaceutical Sciences},
  publisher = {Elsevier BV},
  author = {Rohr,  Uwe D. and Saeger‐Lorenz,  Katrin},
  year = {2002},
  month = mar,
  pages = {822–844}
}

@article{Kreilgaard2000,
  title = {NMR characterisation and transdermal drug delivery potential of microemulsion systems},
  volume = {69},
  ISSN = {0168-3659},
  url = {http://dx.doi.org/10.1016/S0168-3659(00)00325-4},
  DOI = {10.1016/s0168-3659(00)00325-4},
  number = {3},
  journal = {Journal of Controlled Release},
  publisher = {Elsevier BV},
  author = {Kreilgaard,  Mads and Pedersen,  Erik J and Jaroszewski,  Jerzy W},
  year = {2000},
  month = dec,
  pages = {421–433}
}

@article{Woolfson1999,
  title = {Design of an intravaginal ring for the controlled delivery of 17β-estradiol as its 3-acetate ester},
  volume = {61},
  ISSN = {0168-3659},
  url = {http://dx.doi.org/10.1016/s0168-3659(99)00148-0},
  DOI = {10.1016/s0168-3659(99)00148-0},
  number = {3},
  journal = {Journal of Controlled Release},
  publisher = {Elsevier BV},
  author = {Woolfson,  A.D. and Elliott,  G.R.E. and Gilligan,  Claire A. and Passmore,  Clare M.},
  year = {1999},
  month = sep,
  pages = {319–328}
}

@article{Teleki2020,
  title = {Intrinsic Dissolution Rate Profiling of Poorly Water-Soluble Compounds in Biorelevant Dissolution Media},
  volume = {12},
  ISSN = {1999-4923},
  url = {http://dx.doi.org/10.3390/pharmaceutics12060493},
  DOI = {10.3390/pharmaceutics12060493},
  number = {6},
  journal = {Pharmaceutics},
  publisher = {MDPI AG},
  author = {Teleki,  Alexandra and Nylander,  Olivia and Bergstr\"{o}m,  Christel A.S.},
  year = {2020},
  month = may,
  pages = {493}
}

@book{Lona2018,
  title = {A Step by Step Approach to the Modeling of Chemical Engineering Processes: Using Excel for Simulation},
  ISBN = {9783319660479},
  url = {http://dx.doi.org/10.1007/978-3-319-66047-9},
  DOI = {10.1007/978-3-319-66047-9},
  publisher = {Springer International Publishing},
  author = {Lona,  Liliane Maria Ferrareso},
  year = {2018}
}

@article{Chung2003,
  title = {An unconditionally stable scheme for the finite-difference time-domain method},
  volume = {51},
  ISSN = {1557-9670},
  url = {http://dx.doi.org/10.1109/TMTT.2003.808732},
  DOI = {10.1109/tmtt.2003.808732},
  number = {3},
  journal = {IEEE Transactions on Microwave Theory and Techniques},
  publisher = {Institute of Electrical and Electronics Engineers (IEEE)},
  author = {Chung, Y. S. and Sarkar, T. K. and Jung, B. H. and Salazar-Palma, M.},
  year = {2003},
  pages = {697–704}
}

@inbook{Chicone2017,
  title = {Reaction,  Diffusion,  and Convection},
  ISBN = {9780128041536},
  url = {http://dx.doi.org/10.1016/b978-0-12-804153-6.50005-1},
  DOI = {10.1016/b978-0-12-804153-6.50005-1},
  booktitle = {An Invitation to Applied Mathematics},
  publisher = {Elsevier},
  author = {Chicone,  Carmen},
  year = {2017},
  pages = {85–193}
}

@article{Higuchi1961,
  title = {Rate of Release of Medicaments from Ointment Bases Containing Drugs in Suspension},
  volume = {50},
  ISSN = {0022-3549},
  url = {http://dx.doi.org/10.1002/jps.2600501018},
  DOI = {10.1002/jps.2600501018},
  number = {10},
  journal = {Journal of Pharmaceutical Sciences},
  publisher = {Elsevier BV},
  author = {Higuchi,  Takeru},
  year = {1961},
  month = oct,
  pages = {874–875}
}

@article{Trindade2021,
  title = {Uso de contracep\c{c}ão e desigualdades do planejamento reprodutivo das mulheres brasileiras},
  volume = {26},
  ISSN = {1413-8123},
  url = {http://dx.doi.org/10.1590/1413-81232021269.2.24332019},
  DOI = {10.1590/1413-81232021269.2.24332019},
  number = {suppl 2},
  journal = {Ci\^encia \& Saúde Coletiva},
  publisher = {FapUNIFESP (SciELO)},
  author = {Trindade,  Raquel Elias da and Siqueira,  Bárbara Barrozo and Paula,  Thayane Fraga de and Felisbino-Mendes,  Mariana Santos},
  year = {2021},
  pages = {3493–3504}
}

@misc{anvisa_precos,
  author       = {ANVISA},
  title        = {Listas de preços de medicamentos},
year = {2024},
  howpublished = {\url{https://www.gov.br/anvisa/pt-br/assuntos/medicamentos/cmed/precos}},
  note         = {Acesso em: 9 nov. 2024}
}

@misc{uol_adesivo_anticoncepcional,
  author       = {UOL},
year = {2021},
  title        = {Adesivo anticoncepcional: como funciona, vantagens e mais},
  howpublished = {\url{https://www.uol.com.br/vivabem/faq/adesivo-anticoncepcional-como-funciona-vantagens-e-mais.htm}},
  note         = {Acesso em: 9 nov. 2024}
}

@misc{ministerio_saude_programa,
  author       = {{Ministério da Saúde}},
  title        = {Medicamentos e Insumos do Programa Saúde da Mulher},
  howpublished = {\url{https://www.gov.br/saude/pt-br/composicao/sectics/daf/cbaf/programa-saude-da-mulher}},
  note         = {Acesso em: 9 nov. 2024}
}

@misc{ministerio_saude_contracepcao,
  author       = {{Ministério da Saúde}},
  title        = {Contracepção},
  howpublished = {\url{https://www.gov.br/saude/pt-br/assuntos/saude-de-a-a-z/s/saude-da-mulher/saude-sexual-e-reprodutiva/contracepcao}},
  note         = {Acesso em: 9 nov. 2024}
}
